<?xml version="1.0" encoding="UTF-8"?><record xmlns="http://www.loc.gov/MARC21/slim" xmlns:cinclude="http://apache.org/cocoon/include/1.0" xmlns:zs="http://www.loc.gov/zing/srw/">
  <leader>00547nz  a2200133n  4500</leader>
  <controlfield tag="001">nb2009025076</controlfield>
  <controlfield tag="003">DLC</controlfield>
  <controlfield tag="005">20091008075412.0</controlfield>
  <controlfield tag="008">091006n| acannaabn          |n ana      </controlfield>
  <datafield tag="010" ind1=" " ind2=" ">
    <subfield code="a">nb2009025076</subfield>
  </datafield>
  <datafield tag="035" ind1=" " ind2=" ">
    <subfield code="a">(Uk)007591071</subfield>
  </datafield>
  <datafield tag="040" ind1=" " ind2=" ">
    <subfield code="a">Uk</subfield>
    <subfield code="b">eng</subfield>
    <subfield code="c">Uk</subfield>
  </datafield>
  <datafield tag="110" ind1="2" ind2=" ">
    <subfield code="a">International Society for Horticultural Science.</subfield>
    <subfield code="b">Commission Education, Research Training and Consultancy</subfield>
  </datafield>
  <datafield tag="670" ind1=" " ind2=" ">
    <subfield code="a">Proceedings of the Vth International Symposium on Horticultural Research, Training and Extension, 2009:</subfield>
    <subfield code="b">t.p. (ISHS Commission Education, Research Training and Consultancy)</subfield>
  </datafield>
</record>